<?xml version="1.0" encoding="UTF-8"?><collection xmlns="http://www.loc.gov/MARC21/slim"><record><leader>00364nam--2200133-i-4500</leader><controlfield tag="001">000003996</controlfield><controlfield tag="002">20161230</controlfield><controlfield tag="005">20161230201025</controlfield><controlfield tag="008">060222s1000------------r-----000-0-eng-d</controlfield><datafield ind1=" " ind2=" " tag="100"><subfield code="a">Bedreag, C.G</subfield></datafield><datafield ind1=" " ind2=" " tag="245"><subfield code="a">Bibliografia fizicii romane. biografii</subfield></datafield><datafield ind1=" " ind2=" " tag="260"><subfield code="a">Bucuresti, Edit.Tehnica, 1957 295 P</subfield></datafield><datafield ind1=" " ind2=" " tag="490"><subfield code="a">Biblioteca Soc.De Stiinte Mat.Si Fizice</subfield></datafield><datafield ind1=" " ind2=" " tag="852"><subfield code="a">D.1010</subfield></datafield></record></collection>